<record><leader>00000cas a2200000 a 4500</leader><controlfield tag="001">71342725</controlfield><controlfield tag="007">hd afb---bucu</controlfield><controlfield tag="007">hd bfb---bubu</controlfield><controlfield tag="008">060918u1888uuuuwauwr nea     0    0eng c</controlfield><datafield ind1=" " ind2=" " tag="010"><subfield code="a">  2006252805</subfield></datafield><datafield ind1=" " ind2=" " tag="040"><subfield code="a">WAU</subfield><subfield code="b">eng</subfield><subfield code="c">WAU</subfield><subfield code="d">WAU</subfield><subfield code="d">OCLCQ</subfield><subfield code="d">OCLCF</subfield></datafield><datafield ind1="1" ind2=" " tag="029"><subfield code="a">AU@</subfield><subfield code="b">000040880344</subfield></datafield><datafield ind1=" " ind2=" " tag="042"><subfield code="a">pcc</subfield></datafield><datafield ind1=" " ind2=" " tag="043"><subfield code="a">n-us-wa</subfield></datafield><datafield ind1="0" ind2="0" tag="245"><subfield code="a">Okanogan outlook</subfield><subfield code="h">[microform].</subfield></datafield><datafield ind1=" " ind2=" " tag="260"><subfield code="a">Conconully, Okanogan County, Wash. :</subfield><subfield code="b">H.W. Thompson</subfield></datafield><datafield ind1=" " ind2=" " tag="300"><subfield code="a">v. :</subfield><subfield code="b">ill.</subfield></datafield><datafield ind1=" " ind2=" " tag="310"><subfield code="a">Weekly</subfield></datafield><datafield ind1="1" ind2=" " tag="362"><subfield code="a">Began in 1888.</subfield></datafield><datafield ind1=" " ind2=" " tag="588"><subfield code="a">Description based on: Vol. 4, no. 16 (Nov. 20, 1891).</subfield></datafield><datafield ind1=" " ind2=" " tag="588"><subfield code="a">Latest issue consulted: Vol. 9, no. 24 (Jan. 8, 1897).</subfield></datafield><datafield ind1=" " ind2=" " tag="533"><subfield code="a">Microfilm.</subfield><subfield code="b">[Seattle, Wash. :</subfield><subfield code="c">Filmed by University of Washington Library].</subfield><subfield code="e">1 microfilm reel ; 35 mm.</subfield><subfield code="n">Filmed out of order.</subfield></datafield><datafield ind1=" " ind2="0" tag="651"><subfield code="a">Conconully (Wash.)</subfield><subfield code="v">Newspapers.</subfield></datafield><datafield ind1=" " ind2="7" tag="655"><subfield code="a">Newspapers.</subfield><subfield code="2">fast</subfield><subfield code="0">(OCoLC)fst01423814</subfield></datafield><datafield ind1=" " ind2="7" tag="651"><subfield code="a">Washington (State)</subfield><subfield code="z">Conconully.</subfield><subfield code="2">fast</subfield><subfield code="0">(OCoLC)fst01288678</subfield></datafield><datafield ind1=" " ind2=" " tag="752"><subfield code="a">United States</subfield><subfield code="b">Washington</subfield><subfield code="c">Okanogan</subfield><subfield code="d">Conconully.</subfield></datafield><datafield ind1="1" ind2=" " tag="776"><subfield code="c">Original</subfield><subfield code="w">(DLC)sn 86064011</subfield><subfield code="w">(OCoLC)14575002</subfield></datafield></record>